
@book{white1973,
  title     = {Animal Cytology and Evolution},
  author    = {White, Michael James Denham},
  year      = {1973},
  place     = {London},
  publisher = {Cambridge University Press}}

@article{dumont2017par,
  title={Meiotic consequences of genetic divergence across the murine pseudoautosomal region},
  author={Dumont, Beth L},
  journal={Genetics},
  volume={205},
  number={3},
  pages={1089--1100},
  year={2017},
  publisher={Genetics Soc America}
}

@article{ross2015,
  title={Recombination, chromosome number and eusociality in the {H}ymenoptera},
  author={Ross, L and Blackmon, H and Lorite, P and Gokhman, V E and Hardy, N B},
  journal={Journal of Evolutionary Biology},
  volume={28},
  number={1},
  pages={105--116},
  year={2015},
  publisher={Wiley Online Library}
}

@misc{gregory2019,
  title = {Animal Genome Size Database},
  author = {Gregory, T.R.},
  howpublished = {\url{http://www.genomesize.com}},
  year={2019},
  note = {Accessed: 2019-07-08}
}

@article{sanderson2008,
  title={The PhyLoTA Browser: processing GenBank for molecular phylogenetics research},
  author={Sanderson, Michael J and Boss, Darren and Chen, Duhong and Cranston, Karen A and Wehe, Andre},
  journal={Systematic Biology},
  volume={57},
  number={3},
  pages={335--346},
  year={2008},
  publisher={Taylor \& Francis}
}

@article{white1978,
  title={Chain processes in chromosomal speciation},
  author={White, Michael James Denham},
  journal={Systematic Biology},
  volume={27},
  number={3},
  pages={285--298},
  year={1978},
  publisher={Oxford University Press}
}

@article{bush1977rapid,
  title={Rapid speciation and chromosomal evolution in mammals},
  author={Bush, Guy L and Case, SM and Wilson, AC and Patton, JL},
  journal={Proceedings of the National Academy of Sciences},
  volume={74},
  number={9},
  pages={3942--3946},
  year={1977},
  publisher={National Acad Sciences}
}

@article{sherman1979,
  title={Insect chromosome numbers and eusociality},
  author={Sherman, Paul W},
  journal={American Naturalist},
  volume={113},
  pages={925--935},
  year={1979},
  publisher={JSTOR}
}

@article{baker1986,
  title={Speciation by monobrachial centric fusions},
  author={Baker, Robert J and Bickham, John W},
  journal={Proceedings of the National Academy of Sciences},
  volume={83},
  number={21},
  pages={8245--8248},
  year={1986},
  publisher={National Acad Sciences}
}

@article{dumont2017req,
  title={Variation and Evolution of the Meiotic Requirement for Crossing Over in Mammals},
  author={Dumont, Beth L},
  journal={Genetics},
  volume={205},
  number={1},
  pages={155--168},
  year={2017},
  publisher={Genetics Soc America}
}

@article{zenil2017,
  title={Testing the Association of Phenotypes with Polyploidy: An Example Using Herbaceous and Woody Eudicots},
  author={Zenil-Ferguson, Rosana and Ponciano, Jos{\'e} M and Burleigh, J Gordon},
  journal={Evolution},
  volume={71},
  pages={1138--1148},
  year={2017},
  publisher={Wiley Online Library}
}

@article{TOS2014,
  title={Tree of Sex: a database of sexual systems},
  author={{Tree of Sex Consortium}},
  journal={Scientific Data},
  volume={1},
  year={2014},
  publisher={Nature Publishing Group}
}

@article{rabosky2015b,
  title = {No Substitute for Real Data: a Cautionary Note on the Use of Phylogenies from Birth--Death Polytomy Resolvers for Downstream Comparative Analyses},
  volume = {69},
  doi = {10.1111/evo.12817},
  number = {12},
  journal = {Evolution},
  author = {Rabosky, Daniel L.},
  year = {2015},
  pages = {3207--3216}
}

@article{fitzjohn2012,
  title={Diversitree: comparative phylogenetic analyses of diversification in {R}},
  author={FitzJohn, Richard G},
  journal={Methods in Ecology and Evolution},
  volume={3},
  number={6},
  pages={1084--1092},
  year={2012},
  publisher={Wiley Online Library}
}

@article{harrington1991,
  title={Telomerase primer specificity and chromosome healing},
  author={Harrington, Lea A and Greider, Carol W},
  journal={Nature},
  volume={353},
  number={6343},
  pages={451},
  year={1991},
  publisher={Nature Publishing Group}
}

@article{tsujimoto1999,
  title={De novo synthesis of telomere sequences at the healed breakpoints of wheat deletion chromosomes},
  author={Tsujimoto, H and Usami, N and Hasegawa, K and Yamada, T and Nagaki, K and Sasakuma, T},
  journal={Molecular and General Genetics MGG},
  volume={262},
  number={4},
  pages={851--856},
  year={1999},
  publisher={Springer}
}

@article{ratomponirina1988,
  title={Synaptonemal complexes in Robertsonian translocation heterozygous in lemurs},
  author={Ratomponirina, C},
  journal={Kew Chromosomes},
  year={1988},
  publisher={HMSO Publ. Centre}
}

@article{zenil2018chromploid,
  title={chromploid: An R package for chromosome number evolution across the plant tree of life},
  author={Zenil-Ferguson, Rosana and Burleigh, J Gordon and Ponciano, Jos{\'e} Miguel},
  journal={Applications in plant sciences},
  volume={6},
  number={3},
  year={2018},
  publisher={Wiley Online Library}
}

@article{deoliveira,
  title={Chromosomal evolution in Pleurothallidinae (Orchidaceae: Epidendroideae) with an emphasis on the genus Acianthera: chromosome numbers and heterochromatin},
  author={De Oliveira, Irenice Gomes and Moraes, Ana Paula and De Almeida, Erton Mendonca and de Assis, Felipe Nollet Medeiros and Cabral, Juliano S and De Barros, Fabio and Felix, Leonardo P},
  journal={Botanical journal of the Linnean Society},
  volume={178},
  number={1},
  pages={102--120},
  year={2015},
  publisher={Oxford University Press}
}

@article{mccann2016,
  title={The impact of reconstruction methods, phylogenetic uncertainty and branch lengths on inference of chromosome number evolution in American daisies (Melampodium, Asteraceae)},
  author={McCann, Jamie and Schneeweiss, Gerald M and Stuessy, Tod F and Villasenor, Jose L and Weiss-Schneeweiss, Hanna},
  journal={PloS one},
  volume={11},
  number={9},
  pages={e0162299},
  year={2016},
  publisher={Public Library of Science}
}

@article{rockman2002,
  title={Episodic chromosomal evolution in \emph{{P}lanipapillus} ({O}nychophora: {P}eripatopsidae): a phylogenetic approach to evolutionary dynamics and speciation},
  author={Rockman, Matthew V and Rowell, David M},
  journal={Evolution},
  volume={56},
  number={1},
  pages={58--69},
  year={2002},
  publisher={BioOne}
}

@article{freyman2018,
  title={Cladogenetic and Anagenetic Models of Chromosome Number Evolution: a {B}ayesian Model Averaging Approach},
  author={Freyman, William A and H{\"o}hna, Sebastian},
  journal={Systematic Biology},
  volume={67},
  pages={195--215},
  year={2018},
}

@article{revell2012phytools,
  title={phytools: an R package for phylogenetic comparative biology (and other things)},
  author={Revell, Liam J},
  journal={Methods in Ecology and Evolution},
  volume={3},
  number={2},
  pages={217--223},
  year={2012},
  publisher={Wiley Online Library}
}

@article{sved2016,
  title={Extraordinary conservation of entire chromosomes in insects over long evolutionary periods},
  author={Sved, John A and Chen, Yizhou and Shearman, Deborah and Frommer, Marianne and Gilchrist, A Stuart and Sherwin, William B},
  journal={Evolution},
  volume={70},
  number={1},
  pages={229--234},
  year={2016},
  publisher={Wiley Online Library}
}

@book{flemming1882,
  title={Zellsubstanz, kern und zelltheilung},
  author={Flemming, Walther},
  year={1882},
  publisher={Vogel}
}

@article{blackmon2016,
  title={Sex determination, sex chromosomes, and karyotype evolution in insects},
  author={Blackmon, Heath and Ross, Laura and Bachtrog, Doris},
  journal={Journal of Heredity},
  volume={108},
  number={1},
  pages={78--93},
  year={2016},
  publisher={Oxford University Press US}
}

@article{lockstone2007,
  title={Gene expression profiling in the adult Down syndrome brain},
  author={Lockstone, HE and Harris, LW and Swatton, JE and Wayland, MT and Holland, AJ and Bahn, S},
  journal={Genomics},
  volume={90},
  number={6},
  pages={647--660},
  year={2007},
  publisher={Elsevier}
}

@inproceedings{stebbins1958,
  title={Longevity, habitat, and release of genetic variability in the higher plants},
  author={Stebbins, G Ledyard},
  booktitle={Cold Spring Harbor Symposia on Quantitative Biology},
  volume={23},
  pages={365--378},
  year={1958},
  organization={Cold Spring Harbor Laboratory Press}
}

@article{kitano2012,
  title={Turnover of sex chromosomes and speciation in fishes},
  author={Kitano, Jun and Peichel, Catherine L},
  journal={Environmental biology of fishes},
  volume={94},
  number={3},
  pages={549--558},
  year={2012},
  publisher={Springer}
}

@article{charlesworth1980,
  title={Sex differences in fitness and selection for centric fusions between sex-chromosomes and autosomes},
  author={Charlesworth, D and Charlesworth, B},
  journal={Genetics Research},
  volume={35},
  number={2},
  pages={205--214},
  year={1980},
  publisher={Cambridge University Press}
}

@article{blackmon2014,
  title={Estimating tempo and mode of Y chromosome turnover: explaining Y chromosome loss with the fragile Y hypothesis},
  author={Blackmon, Heath and Demuth, Jeffery P},
  journal={Genetics},
  volume={197},
  number={2},
  pages={561--572},
  year={2014},
  publisher={Genetics Soc America}
}

@article{wodsedalek1916,
  title={Causes of sterility in the mule},
  author={Wodsedalek, JE},
  journal={The Biological Bulletin},
  volume={30},
  number={1},
  pages={1--56},
  year={1916},
  publisher={Marine Biological Laboratory}
}

@article{lachowska1998,
  title={Karyotypic data on weevils (Coleoptera, Curculionidae)},
  author={Lachowska, Dorota and Holecova, Milada and Rozek, Maria},
  journal={FOLIA BIOLOGICA-KRAKOW-},
  volume={46},
  pages={129--136},
  year={1998},
  publisher={INSTITUTE OF SYSTEMATICS AND EVOLUTION OF ANIMALS}
}

@article{smith2018phyphlawd,
  title={Constructing a broadly inclusive seed plant phylogeny},
  author={Smith, Stephen A and Brown, Joseph W},
  journal={American journal of botany},
  volume={105},
  number={3},
  pages={302--314},
  year={2018},
  publisher={Wiley Online Library}
}

@misc{blackmon2015evobir,
  title={EvobiR: tools for comparative analyses and teaching evolutionary biology},
  author={Blackmon, H and Adams, RA},
  year={2015}
}

@article{aberer2012roguetaxa,
  title={Pruning rogue taxa improves phylogenetic accuracy: an efficient algorithm and webservice},
  author={Aberer, Andre J and Krompass, Denis and Stamatakis, Alexandros},
  journal={Systematic biology},
  volume={62},
  number={1},
  pages={162--166},
  year={2012},
  publisher={Oxford University Press}
}
@article{katoh2013mafft,
  title={MAFFT multiple sequence alignment software version 7: improvements in performance and usability},
  author={Katoh, Kazutaka and Standley, Daron M},
  journal={Molecular biology and evolution},
  volume={30},
  number={4},
  pages={772--780},
  year={2013},
  publisher={Society for Molecular Biology and Evolution}
}

@article{castresana2000gblocks,
  title={Selection of conserved blocks from multiple alignments for their use in phylogenetic analysis},
  author={Castresana, J},
  journal={Molecular biology and evolution},
  volume={17},
  number={4},
  pages={540--552},
  year={2000},
  publisher={Oxford University Press}
}

@article{bouckaert2014beast,
  title={BEAST 2: a software platform for Bayesian evolutionary analysis},
  author={Bouckaert, Remco and Heled, Joseph and K{\"u}hnert, Denise and Vaughan, Tim and Wu, Chieh-Hsi and Xie, Dong and Suchard, Marc A and Rambaut, Andrew and Drummond, Alexei J},
  journal={PLoS computational biology},
  volume={10},
  number={4},
  pages={e1003537},
  year={2014},
  publisher={Public Library of Science}
}

@article{misof2014phylogenomics,
  title={Phylogenomics resolves the timing and pattern of insect evolution},
  author={Misof, Bernhard and Liu, Shanlin and Meusemann, Karen and Peters, Ralph S and Donath, Alexander and Mayer, Christoph and Frandsen, Paul B and Ware, Jessica and Flouri, Tom{\'a}{\v{s}} and Beutel, Rolf G and others},
  journal={Science},
  volume={346},
  number={6210},
  pages={763--767},
  year={2014},
  publisher={American Association for the Advancement of Science}
}

@article{rambaut2018tracer,
  title={Posterior summarisation in Bayesian phylogenetics using Tracer 1.7},
  author={Rambaut, Andrew and Drummond, Alexei J and Xie, Dong and Baele, Guy and Suchard, Marc A},
  journal={Syst. Biol},
  volume={10},
  year={2018}
}

@article{maddison2018mesquite,
  title={Mesquite: a modular system for evolutionary analysis. Version 3.51},
  author={Maddison, Wayne P and Maddison, D R},
  journal={http://mesquiteproject.org},
  year={2018}
}

@inproceedings{miller2010cipres,
  title={Creating the CIPRES Science Gateway for inference of large phylogenetic trees},
  author={Miller, Mark A and Pfeiffer, Wayne and Schwartz, Terri},
  booktitle={Gateway Computing Environments Workshop (GCE), 2010},
  pages={1--8},
  year={2010},
  organization={Ieee}
}

@article{stamatakis2014raxml,
  title={RAxML version 8: a tool for phylogenetic analysis and post-analysis of large phylogenies},
  author={Stamatakis, Alexandros},
  journal={Bioinformatics},
  volume={30},
  number={9},
  pages={1312--1313},
  year={2014},
  publisher={Oxford University Press}
}

@article{williams2008aneuploidy,
  title={Aneuploidy affects proliferation and spontaneous immortalization in mammalian cells},
  author={Williams, Bret R and Prabhu, Vineet R and Hunter, Karen E and Glazier, Christina M and Whittaker, Charles A and Housman, David E and Amon, Angelika},
  journal={Science},
  volume={322},
  number={5902},
  pages={703--709},
  year={2008},
  publisher={American Association for the Advancement of Science}
  }
  
  @article{mayrose2009chromevol,
  title={Probabilistic models of chromosome number evolution and the inference of polyploidy},
  author={Mayrose, Itay and Barker, Michael S and Otto, Sarah P},
  journal={Systematic Biology},
  volume={59},
  number={2},
  pages={132--144},
  year={2009},
  publisher={Oxford University Press}
}

@article{glick2014chromevol,
  title={ChromEvol: assessing the pattern of chromosome number evolution and the inference of polyploidy along a phylogeny},
  author={Glick, Lior and Mayrose, Itay},
  journal={Molecular Biology and Evolution},
  volume={31},
  number={7},
  pages={1914--1922},
  year={2014},
  publisher={Oxford University Press}
}

@article{blackmon2015bioessay,
  title={The fragile Y hypothesis: Y chromosome aneuploidy as a selective pressure in sex chromosome and meiotic mechanism evolution},
  author={Blackmon, Heath and Demuth, Jeffery P},
  journal={BioEssays},
  volume={37},
  number={9},
  pages={942--950},
  year={2015},
  publisher={Wiley Online Library}
}

@book{white,
   author = {White, Michael James Denham},
   title = {Modes of speciation},
   publisher = {WH Freeman},
   address = {San Francisco: },
   pages = {455},
   year = {1978},
}


@book{ohno,
  title={Evolution by gene duplication},
  author={Ohno, Susumu},
  year={1970},
  publisher={Springer Science}
}

@article{blackmon2019meiotic,
  title={Meiotic drive shapes rates of karyotype evolution in mammals},
  author={Blackmon, Heath and Justison, Joshua and Mayrose, Itay and Goldberg, Emma E},
  journal={Evolution},
  year={2019},
  publisher={Wiley Online Library}
}

@incollection{lokki1980polyploidy,
  title={Polyploidy in insect evolution},
  author={Lokki, Juhani and Saura, Anssi},
  booktitle={Polyploidy},
  pages={277--312},
  year={1980},
  publisher={Springer}
}

@article{steinemann2005,
  title={Y chromosomes: born to be destroyed},
  author={Steinemann, Sigrid and Steinemann, Manfred},
  journal={Bioessays},
  volume={27},
  number={10},
  pages={1076--1083},
  year={2005},
  publisher={Wiley Online Library}
}

@article{Paradis2018,
    title = {ape 5.0: an environment for modern phylogenetics and
      evolutionary analyses in {R}},
    author = {E. Paradis and K. Schliep},
    journal = {Bioinformatics},
    year = {2018},
    volume = {35},
    pages = {526-528},
}

@article{britton1990robertsonian,
  title={Robertsonian heterozygosity in wild mice: fertility and transmission rates in Rb (16.17) translocation heterozygotes},
  author={Britton-Davidian, J and Sonjaya, H and Catalan, J and Cattaneo-Berrebi, G},
  journal={Genetica},
  volume={80},
  number={3},
  pages={171--174},
  year={1990},
  publisher={Springer}
}

@article{kidwell2002transposable,
  title={Transposable elements and the evolution of genome size in eukaryotes},
  author={Kidwell, Margaret G},
  journal={Genetica},
  volume={115},
  number={1},
  pages={49--63},
  year={2002},
  publisher={Springer}
}

@article{carbone2014gibbon,
  title={Gibbon genome and the fast karyotype evolution of small apes},
  author={Carbone, Lucia and Harris, R Alan and Gnerre, Sante and Veeramah, Krishna R and Lorente-Galdos, Belen and Huddleston, John and Meyer, Thomas J and Herrero, Javier and Roos, Christian and Aken, Bronwen and others},
  journal={Nature},
  volume={513},
  number={7517},
  pages={195},
  year={2014},
  publisher={Nature Publishing Group}
}
@article{miga2016,
  title={Chromosome-specific centromere sequences provide an estimate of the ancestral chromosome 2 fusion event in hominin genomes},
  author={Miga, Karen H},
  journal={Journal of Heredity},
  volume={108},
  number={1},
  pages={45--52},
  year={2016},
  publisher={Oxford University Press US}
}

@article{gordon2011mechanisms,
  title={Mechanisms of chromosome number evolution in yeast},
  author={Gordon, Jonathan L and Byrne, Kevin P and Wolfe, Kenneth H},
  journal={PLoS genetics},
  volume={7},
  number={7},
  pages={e1002190},
  year={2011},
  publisher={Public Library of Science}
}

@article{hornsey1973,
  title={The occurrence of hexaploid plants among autotetraploid populations of sugar beet,(Beta Vulgaris L.) and the production of tetraploid progeny using a diploid pollinator},
  author={Hornsey, KG},
  journal={Caryologia},
  volume={26},
  number={2},
  pages={225--228},
  year={1973},
  publisher={Taylor \& Francis}
}

@article{sun2013dosage,
  title={Dosage compensation and inverse effects in triple X metafemales of Drosophila},
  author={Sun, Lin and Johnson, Adam F and Donohue, Ryan C and Li, Jilong and Cheng, Jianlin and Birchler, James A},
  journal={Proceedings of the National Academy of Sciences},
  volume={110},
  number={18},
  pages={7383--7388},
  year={2013},
  publisher={National Acad Sciences}
}

@Manual{R-citation,
    title = {R: A Language and Environment for Statistical Computing},
    author = {{R Core Team}},
    organization = {R Foundation for Statistical Computing},
    address = {Vienna, Austria},
    year = {2019},
    url = {https://www.R-project.org/},
  }

@article{bennetzen2005mechanisms,
  title={Mechanisms of recent genome size variation in flowering plants},
  author={Bennetzen, Jeffrey L and Ma, Jianxin and Devos, Katrien M},
  journal={Annals of botany},
  volume={95},
  number={1},
  pages={127--132},
  year={2005},
  publisher={Oxford University Press}
}

@article{garagna1995,
  title={Robertsonian metacentrics of the house mouse lose telomeric sequences but retain some minor satellite DNA in the pericentromeric area},
  author={Garagna, Silvia and Broccoli, Dominique and Redi, Carlo Alberto and Searle, Jeremy B and Cooke, Howard J and Capanna, Ernesto},
  journal={Chromosoma},
  volume={103},
  number={10},
  pages={685--692},
  year={1995},
  publisher={Springer}
}

@article{moretti1984,
  title={Karyotype evolution by centromeric fission in Zamia (Cycadales)},
  author={Moretti, Aldo and Sabato, Sergio},
  journal={Plant Systematics and Evolution},
  volume={146},
  number={3-4},
  pages={215--223},
  year={1984},
  publisher={Springer}
}

@article{beccak1970,
  title={Polyploidy and mechanisms of karyotypic diversification in Amphibia},
  author={Be{\c{c}}ak, Maria Luiza and Denaro, L and Be{\c{c}}ak, W},
  journal={Cytogenetic and Genome Research},
  volume={9},
  number={4},
  pages={225--238},
  year={1970},
  publisher={Karger Publishers}
}